@misc{randomphbook,
  title={Random Phenomena: Fundamentals of Probability and Statistics for Engineers. 2009},
  author={Ogunnaike, BA},
  publisher={Boca Raton, FL: CRC Press}
}